@article{coombs1987markup,
  title={Markup systems and the future of scholarly text processing},
  author={Coombs, James H and Renear, Allen H and DeRose, Steven J},
  journal={Communications of the ACM},
  volume={30},
  number={11},
  pages={933--947},
  year={1987},
  publisher={ACM}
}

@misc{Angular,
	title="What is angular",
	author="{SimpliLearn}",
	howpublished="\url{https://www.simplilearn.com/tutorials/angular-tutorial/what-is-angular}",
	year=2023,
	note="2023-07-04"
}

@misc{Darts,
	title="A darts sikerének titka",
	author="{Vincze Dávid}",
	howpublished="\url{https://sportsmarketing.hu/2017/12/30/a-darts-sikerenek-titka/}",
	year=2017,
	note="2017-12-30"
}

@misc{Node,
	title="Express/Node introduction",
	author="Mozilla Developer",
	howpublished="\url{https://developer.mozilla.org/en-US/docs/Learn/Server-side/Express_Nodejs/Introduction}",
	year=2024,
}

@misc{MongoDB,
	title="MongoDB: An introduction",
	author="GeeksForGeeks",
	howpublished="\url{https://www.geeksforgeeks.org/mongodb-an-introduction/}",
	year=2023,
}

@misc{HTML,
	title="Why Learn HTML & CSS?",
	author="Noble Dektop",
	howpublished="\url{https://www.nobledesktop.com/learn/html-css/why-learn-html-css}",
	year=2024,
}

@misc{Darts1,
	title="Darts",
	author="Wikipedia",
	howpublished="\url{https://hu.wikipedia.org/wiki/Darts}",
	year=2017,
	note="2017-03-29"
}

@misc{Angular1,
	title="Angular hivatalos oldala",
	howpublished="\url{https://angular.io/}",
}

@misc{TypeScript,
	title="TypeScript hivatalos oldala",
	howpublished="\url{https://www.typescriptlang.org/}",
}

@misc{NodeJs,
	title="Node.js hivatalos oldala",
	howpublished="\url{https://en.wikipedia.org/wiki/Node.js}",
}

@misc{Mongoose,
	title="Mongoose hivatalos oldala",
	howpublished="\url{https://mongoosejs.com/docs/}",
}

@misc{Express,
	title="Express hivatalos oldala",
	howpublished="\url{https://expressjs.com/}",
}



